
@misc{bib1, 
 	author = {Wikipedia contributors},
 	title = {Law of Large Numbers --- {W}ikipedia{,} The Free Encyclopedia},
 	year = {2020},
 	url = {https://en.wikipedia.org/wiki/Law_of_large_numbers},
 	note = {accessed 25.01.2020"}
 }
 
@misc{leesedol,
	author = {},
	title = {Software schlägt Go-Genie mit 4 zu 1},
	year = {2016},
	url = {https://www.spiegel.de/netzwelt/gadgets/alphago-besiegt-lee-sedol-mit-4-zu-1-a-1082388.html},
	note = {accessed 27.01.2020}
	} 

@misc{roboarmhistory,
	author = {Megan Ray Nichols},
	title = {Why Was the Robotic Arm Invented?},
	year = {2019},
	url = {https://interestingengineering.com/why-was-the-robotic-arm-invented},
	note = {accessed 27.01.2020}
} 

@misc{nolimit,
	author = {David Silver and Demis Hassabis},
	title = {AlphaGo Zero: Starting from scratch},
	year = {2017},
	url = {https://deepmind.com/blog/article/alphago-zero-starting-scratch},
	note = {accessed 13.02.2020}
} 

@misc{roboarmuk, 
	author = {},
	title = {Everything You Need To Know About Robotic Arms},
	year = {},
	url = {https://uk.rs-online.com/web/generalDisplay.html?id=ideas-and-advice/robotic-arms-guide},
	note = {accessed 27.01.2020"}
}

@misc{howroboarmworks,
	author = {Tom Harris},
	title = {The Robotic Arm},
	year = {2002},
	url = {https://science.howstuffworks.com/robot2.htm},
	note = {accessed 27.01.2020}
} 

@inproceedings{dynpath,
	author = {Klanke, Stefan and Lebedev, Dmitry and Haschke, Robert and Steil, Jochen and Ritter, Helge},
	year = {2006},
	month = {11},
	pages = {3879 - 3884},
	title = {Dynamic Path Planning for a 7-DOF Robot Arm},
	journal = {IEEE International Conference on Intelligent Robots and Systems},
	doi = {10.1109/IROS.2006.281798}
}

@article{archer,
	author    = {Sameera Lanka and Tianfu Wu},
	title     = {{ARCHER:} Aggressive Rewards to Counter bias in Hindsight Experience
	Replay},
	journal   = {CoRR},
	volume    = {abs/1809.02070},
	year      = {2018},
	url       = {http://arxiv.org/abs/1809.02070},
	archivePrefix = {arXiv},
	eprint    = {1809.02070},
	timestamp = {Fri, 05 Oct 2018 11:34:52 +0200},
	biburl    = {https://dblp.org/rec/journals/corr/abs-1809-02070.bib},
	bibsource = {dblp computer science bibliography, https://dblp.org}
}

@article{curiousher,
	author    = {Rui Zhao and
	Volker Tresp},
	title     = {Curiosity-Driven Experience Prioritization via Density Estimation},
	journal   = {CoRR},
	volume    = {abs/1902.08039},
	year      = {2019},
	url       = {http://arxiv.org/abs/1902.08039},
	archivePrefix = {arXiv},
	eprint    = {1902.08039},
	timestamp = {Tue, 21 May 2019 18:03:38 +0200},
	biburl    = {https://dblp.org/rec/journals/corr/abs-1902-08039.bib},
	bibsource = {dblp computer science bibliography, https://dblp.org}
}

@incollection{curricher,
	title = {Curriculum-guided Hindsight Experience Replay},
	author = {Fang, Meng and Zhou, Tianyi and Du, Yali and Han, Lei and Zhang, Zhengyou},
	booktitle = {Advances in Neural Information Processing Systems 32},
	editor = {H. Wallach and H. Larochelle and A. Beygelzimer and F. d\textquotesingle Alch\'{e}-Buc and E. Fox and R. Garnett},
	pages = {12602--12613},
	year = {2019},
	publisher = {Curran Associates, Inc.},
	url = {http://papers.nips.cc/paper/9425-curriculum-guided-hindsight-experience-replay.pdf}
}

@article{energyher,
	author    = {Rui Zhao and
	Volker Tresp},
	title     = {Energy-Based Hindsight Experience Prioritization},
	journal   = {CoRR},
	volume    = {abs/1810.01363},
	year      = {2018},
	url       = {http://arxiv.org/abs/1810.01363},
	archivePrefix = {arXiv},
	eprint    = {1810.01363},
	timestamp = {Tue, 30 Oct 2018 10:49:09 +0100},
	biburl    = {https://dblp.org/rec/journals/corr/abs-1810-01363.bib},
	bibsource = {dblp computer science bibliography, https://dblp.org}
}

@article{hgg,
	author    = {Zhizhou Ren and
	Kefan Dong and
	Yuan Zhou and
	Qiang Liu and
	Jian Peng},
	title     = {Exploration via Hindsight Goal Generation},
	journal   = {CoRR},
	volume    = {abs/1906.04279},
	year      = {2019},
	url       = {http://arxiv.org/abs/1906.04279},
	archivePrefix = {arXiv},
	eprint    = {1906.04279},
	timestamp = {Wed, 04 Sep 2019 15:27:47 +0200},
	biburl    = {https://dblp.org/rec/journals/corr/abs-1906-04279.bib},
	bibsource = {dblp computer science bibliography, https://dblp.org}
}

@misc{rl_general.jpg,
	author = {Shweta Bhatt},
	title = {5 Things You Need to Know about Reinforcement Learning},
	year = {2018},
	url = {https://www.kdnuggets.com/2018/03/5-things-reinforcement-learning.html},
	note = {accessed 27.01.2020}
}

@misc{neural_networkpng,
	author = {Faisal Awartani},
	title = {Deep Learning Neural Networks},
	year = {2018},
	url = {https://www.linkedin.com/pulse/deep-learning-neural-networks-faisal-awartani},
	note = {accessed 27.01.2020}
}

@misc{neuron.jpeg,
author = {Prateek},
title = {Statistics is Freaking Hard: WTF is Activation function},
year = {2017},
url = {https://towardsdatascience.com/statistics-is-freaking-hard-wtf-is-activation-function-df8342cdf292},
note = {accessed 27.01.2020}
}


@misc{machinelearning,
	author = {Isha Salian},
	title = {SuperVize Me: What’s the Difference Between Supervised, Unsupervised, Semi-Supervised and Reinforcement Learning?},
	year = {2018},
	url = {https://blogs.nvidia.com/blog/2018/08/02/supervised-unsupervised-learning/},
	note = {accessed 27.01.2020}
} 

@misc{alphazero,
	author = {David Silver and 
	Thomas Hubert and 
	Julian Schrittwieser and 
	Ioannis Antonoglou and 
	Matthew Lai and 
	Arthur Guez and 
	Marc Lanctot and 
	Laurent Sifre and 
	Dharshan Kumaran and 
	Thore Graepel and 
	Timothy Lillicrap and 
	Karen Simonyan and Demis Hassabis},
	title = {AlphaZero: Shedding new light on chess, shogi, and Go},
	year = {2018},
	url = {	https://deepmind.com/blog/article/alphazero-shedding-new-light-grand-games-chess-shogi-and-go},
	note = {accessed 12.02.2020}
} 

@misc{egreedy,
	author = {Rajendra Koppula},
	title = {EXPLORATION VS. EXPLOITATION IN REINFORCEMENT LEARNING},
	year = {},
	url = {https://www.manifold.ai/exploration-vs-exploitation-in-reinforcement-learning},
	note = {accessed 12.02.2020}
} 

@misc{backprop,
	author = {Matt Mazur},
	title = {A Step by Step Backpropagation Example},
	year = {2015},
	url = {https://mattmazur.com/2015/03/17/a-step-by-step-backpropagation-example/},
	note = {accessed 12.02.2020}
} 	
	
	
@misc{rllilianweng,
	author = {Lilian Weng},
	title = {A (Long) Peek into Reinforcement Learning},
	year = {2018},
	url = {	https://lilianweng.github.io/lil-log/2018/02/19/a-long-peek-into-reinforcement-learning.html#key-concepts},
	note = {accessed 29.01.2020}
} 

@misc{rlwiki,
	author = {Wikipedia contributors},
	title = {Reinforcement learning --- {W}ikipedia{,} The Free Encyclopedia},
	year = {2020},
	url = {https://en.wikipedia.org/wiki/Reinforcement_learning},
	note = {accessed 29.01.2020"}
}

@misc{neuralnetpath,
	author = {Chris Nicholson},
	title = {A Beginner's Guide to Deep Reinforcement Learning},
	year = {2019},
	url = {https://pathmind.com/wiki/deep-reinforcement-learning#neural},
	note = {accessed 29.01.2020"}
}

@misc{nnbio,
	author = {Chris Woodford},
	title = {Neural networks},
	year = {2019},
	url = {https://www.explainthatstuff.com/introduction-to-neural-networks.html},
	note = {accessed 29.01.2020"}
}

@inproceedings{ddpg,
	author = {Silver, David and Lever, Guy and Heess, Nicolas and Degris, Thomas and Wierstra, Daan and Riedmiller, Martin},
	title = {Deterministic Policy Gradient Algorithms},
	year = {2014},
	publisher = {JMLR.org},
	booktitle = {Proceedings of the 31st International Conference on International Conference on Machine Learning - Volume 32},
	pages = {I–387–I–395},
	numpages = {9},
	location = {Beijing, China},
	series = {ICML’14}
}

@misc{gym,
	Author = {Greg Brockman and Vicki Cheung and Ludwig Pettersson and Jonas Schneider and John Schulman and Jie Tang and Wojciech Zaremba},
	Title = {OpenAI Gym},
	Year = {2016},
	Eprint = {arXiv:1606.01540},
}

@misc{baselines,
	author = {Dhariwal, Prafulla and Hesse, Christopher and Klimov, Oleg and Nichol, Alex and Plappert, Matthias and Radford, Alec and Schulman, John and Sidor, Szymon and Wu, Yuhuai and Zhokhov, Peter},
	title = {OpenAI Baselines},
	year = {2017},
	publisher = {GitHub},
	journal = {GitHub repository},
	howpublished = {\url{https://github.com/openai/baselines}},
}

@misc{herpaper,
	title={Hindsight Experience Replay},
	author={Marcin Andrychowicz and Filip Wolski and Alex Ray and Jonas Schneider and Rachel Fong and Peter Welinder and Bob McGrew and Josh Tobin and Pieter Abbeel and Wojciech Zaremba},
	year={2017},
	eprint={1707.01495},
	archivePrefix={arXiv},
	primaryClass={cs.LG}
}

@article{plappert,
	author    = {Matthias Plappert and
	Marcin Andrychowicz and
	Alex Ray and
	Bob McGrew and
	Bowen Baker and
	Glenn Powell and
	Jonas Schneider and
	Josh Tobin and
	Maciek Chociej and
	Peter Welinder and
	Vikash Kumar and
	Wojciech Zaremba},
	title     = {Multi-Goal Reinforcement Learning: Challenging Robotics Environments
	and Request for Research},
	journal   = {CoRR},
	volume    = {abs/1802.09464},
	year      = {2018},
	url       = {http://arxiv.org/abs/1802.09464},
	archivePrefix = {arXiv},
	eprint    = {1802.09464},
	timestamp = {Fri, 08 Nov 2019 12:50:50 +0100},
	biburl    = {https://dblp.org/rec/journals/corr/abs-1802-09464.bib},
	bibsource = {dblp computer science bibliography, https://dblp.org}
}

@INPROCEEDINGS{mujoco,
	author={E. {Todorov} and T. {Erez} and Y. {Tassa}},
	booktitle={2012 IEEE/RSJ International Conference on Intelligent Robots and Systems},
	title={MuJoCo: A physics engine for model-based control},
	year={2012},
	volume={},
	number={},
	pages={5026-5033},
	keywords={application program interfaces;C++ language;control engineering computing;data structures;finite difference methods;humanoid robots;optimal control;program compilers;shock absorbers;XML;MuJoCo;physics engine;model-based control;multijoint dynamics;recursive algorithms;velocity-stepping approach;spring-dampers;high-level C++ API;intuitive XML file format;built-in compiler transforms;optimized data structure;runtime computation;tendon wrapping;actuator activation states;optimal control applications;finite differencing;12-core machine;3D humanoid;active contacts;Engines;Optimization;Computational modeling;Heuristic algorithms;Dynamics;Mathematical model},
	doi={10.1109/IROS.2012.6386109},
	ISSN={2153-0858},
	month={Oct},}

@misc{mujoco-py,
	author = {},
	title = {mujoco-py},
	year = {},
	publisher = {GitHub},
	journal = {GitHub repository},
	howpublished = {\url{https://github.com/openai/mujoco-py}},
}

@misc{gym,
	Author = {Greg Brockman and Vicki Cheung and Ludwig Pettersson and Jonas Schneider and John Schulman and Jie Tang and Wojciech Zaremba},
	Title = {OpenAI Gym},
	Year = {2016},
	Eprint = {arXiv:1606.01540},
}

@misc{baselines,
	author = {Dhariwal, Prafulla and Hesse, Christopher and Klimov, Oleg and Nichol, Alex and Plappert, Matthias and Radford, Alec and Schulman, John and Sidor, Szymon and Wu, Yuhuai and Zhokhov, Peter},
	title = {OpenAI Baselines},
	year = {2017},
	publisher = {GitHub},
	journal = {GitHub repository},
	howpublished = {\url{https://github.com/openai/baselines}},
}


