@book{latex,
  title = {LaTeX : A Documentation Preparation System User's Guide and Reference Manual},
  publisher = {Addison-Wesley Professional},
  year = {1994},
  author = {Leslie Lamport}
}

@misc{bib1, 
 	author = {Wikipedia contributors},
 	title = {Law of Large Numbers --- {W}ikipedia{,} The Free Encyclopedia},
 	year = {2020},
 	url = {https://en.wikipedia.org/wiki/Law_of_large_numbers},
 	note = {accessed 25.01.2020"}
 }
 
@article{leesedol,
	author = {cis},
	title = {Software schlägt Go-Genie mit 4 zu 1},
	year = {2016},
	url = {https://www.spiegel.de/netzwelt/gadgets/alphago-besiegt-lee-sedol-mit-4-zu-1-a-1082388.html},
	note = {accessed 27.01.2020}
	} 

@article{roboarmhistory,
	author = {Megan Ray Nichols},
	title = {Why Was the Robotic Arm Invented?},
	year = {2019},
	url = {https://interestingengineering.com/why-was-the-robotic-arm-invented},
	note = {accessed 27.01.2020}
} 

@misc{roboarmuk, 
	author = { },
	title = {Everything You Need To Know About Robotic Arms},
	year = {},
	url = {https://uk.rs-online.com/web/generalDisplay.html?id=ideas-and-advice/robotic-arms-guide},
	note = {accessed 27.01.2020"}
}

@article{howroboarmworks,
	author = {Tom Harris},
	title = {The Robotic Arm},
	year = {2002},
	url = {https://science.howstuffworks.com/robot2.htm},
	note = {accessed 27.01.2020}
} 

@misc{rl_general.jpg,
	author = {Shweta Bhatt},
	title = {5 Things You Need to Know about Reinforcement Learning},
	year = {2018},
	url = {https://www.kdnuggets.com/2018/03/5-things-reinforcement-learning.html},
	note = accessed 27.01.2020}
}

@article{machinelearning,
	author = {Isha Salian},
	title = {SuperVize Me: What’s the Difference Between Supervised, Unsupervised, Semi-Supervised and Reinforcement Learning?},
	year = {2018},
	url = {https://blogs.nvidia.com/blog/2018/08/02/supervised-unsupervised-learning/},
	note = {accessed 27.01.2020}
} 

@article{rllilianweng,
	author = {Lilian Weng},
	title = {A (Long) Peek into Reinforcement Learning},
	year = {2018},
	url = {	https://lilianweng.github.io/lil-log/2018/02/19/a-long-peek-into-reinforcement-learning.html#key-concepts},
	note = {accessed 29.01.2020}
} 

@article{rlwiki,
	author = {Wikipedia contributors},
	title = {Reinforcement learning --- {W}ikipedia{,} The Free Encyclopedia},
	year = {2020},
	url = {https://en.wikipedia.org/wiki/Reinforcement_learning},
	note = {accessed 29.01.2020"}
}

@article{neuralnetpath,
	author = {Chris Nicholson},
	title = {A Beginner's Guide to Deep Reinforcement Learning},
	year = {2019},
	url = {https://pathmind.com/wiki/deep-reinforcement-learning#neural},
	note = {accessed 29.01.2020"}
}

@misc{nnbio,
	author = {Chris Woodford},
	title = {Neural networks},
	year = {2019},
	url = {https://www.explainthatstuff.com/introduction-to-neural-networks.html},
	note = {accessed 29.01.2020"}
}

@misc{ddpg,
	author = {OpenAI},
	title = {Deep Deterministic Policy Gradient},
	year = {2018},
	url = {https://spinningup.openai.com/en/latest/algorithms/ddpg.html},
	note = {accessed 29.01.2020"}
}

